<?xml version="1.0" encoding="UTF-8"?><collection xmlns="http://www.loc.gov/MARC21/slim"><record><leader>00753nam--2200193-i-4500</leader><controlfield tag="001">000038409</controlfield><controlfield tag="002">20161230</controlfield><controlfield tag="005">20161230201041</controlfield><controlfield tag="008">060222s1000------------r-----000-0-eng-d</controlfield><datafield ind1=" " ind2=" " tag="040"><subfield code="a">IFIN-HH</subfield></datafield><datafield ind1=" " ind2=" " tag="080"><subfield code="a">539.12.01(061.3)</subfield></datafield><datafield ind1="1" ind2=" " tag="110"><subfield code="a">Societa Italiana Di Fisica</subfield></datafield><datafield ind1="1" ind2="0" tag="245"><subfield code="a">Rendiconti della scuola internazionale di fisica enrico fermi. corso xli: argomentu scelti di fisica delle particelle. selected topics in particle physics. varenna sul lago di como villa monastero 17-29 luglio 1967</subfield><subfield code="c">J. steinberger</subfield></datafield><datafield ind1=" " ind2=" " tag="260"><subfield code="a">New York</subfield><subfield code="b">Academic Press</subfield><subfield code="c">1968</subfield></datafield><datafield ind1=" " ind2=" " tag="300"><subfield code="a">VII+194P</subfield></datafield><datafield ind1=" " ind2=" " tag="490"><subfield code="a">Proceedings Of The International School Of Physics Enrico Fermi Course Xli</subfield></datafield><datafield ind1="1" ind2=" " tag="700"><subfield code="a">Steinberger, J</subfield></datafield><datafield ind1=" " ind2=" " tag="852"><subfield code="a">1874</subfield><subfield code="c">53</subfield></datafield><datafield ind1=" " ind2=" " tag="CAT"><subfield code="a">Sys</subfield><subfield code="c">20150106</subfield><subfield code="h">191951</subfield></datafield></record></collection>